@ISO25000{
    title = {ISO/IEC 25000 Software engeneering Software product Qualitiy Requirements and Evaluation (SQUuarRE)},
    website = {ISO},
    url = {https://iso25000.com/index.php/en/iso-25000-standards/iso-25010?_sm_byp=iVVqFs7R5rSr6ZsR}
}